@misc{HashZKP,
    author = {Lorenzo Grassi and Daniel Kales and Dmitry Khovratovich and Arnab Roy and Christian Rechberger and Markus Schofnegger},
    title = {Starkad and Poseidon:  New Hash Functions for Zero Knowledge Proof Systems},
    howpublished = {Cryptology ePrint Archive, Report 2019/458},
    year = {2019}
}
@misc{ZCashSapling,
  author = {Daira Hopwood and
            Sean Bowe and
            Taylor Hornby and
            Nathan Wilcox},
  title = {{ZCash Protocol Specification}},
  howpublished = "\url{https://github.com/zcash/zips/blob/master/protocol/protocol.pdf}",
  year = {20018}, 
  note = "[Online; accessed 22-April-2018]"
}
@inproceedings{BBBPWM18,
  author    = {Benedikt B{\"{u}}nz and
               Jonathan Bootle and
               Dan Boneh and
               Andrew Poelstra and
               Pieter Wuille and
               Gregory Maxwell},
  title     = {Bulletproofs: Short Proofs for Confidential Transactions and More},
  booktitle = {2018 {IEEE} Symposium on Security and Privacy, {SP} 2018, Proceedings,
               21-23 May 2018, San Francisco, California, {USA}},
  pages     = {315--334},
  year      = {2018},
  url       = {https://doi.org/10.1109/SP.2018.00020},
  doi       = {10.1109/SP.2018.00020},
  timestamp = {Thu, 14 Feb 2019 16:15:00 +0100},
  biburl    = {https://dblp.org/rec/bib/conf/sp/BunzBBPWM18},
  bibsource = {dblp computer science bibliography, https://dblp.org}
}
@article{SBBD,
  author    = {Alberto Sonnino and
               Mustafa Al{-}Bassam and
               Shehar Bano and
               George Danezis},
  title     = {Coconut: Threshold Issuance Selective Disclosure Credentials with
               Applications to Distributed Ledgers},
  journal   = {CoRR},
  volume    = {abs/1802.07344},
  year      = {2018},
  url       = {http://arxiv.org/abs/1802.07344},
  archivePrefix = {arXiv},
  eprint    = {1802.07344},
  timestamp = {Mon, 13 Aug 2018 16:48:07 +0200},
  biburl    = {https://dblp.org/rec/bib/journals/corr/abs-1802-07344},
  bibsource = {dblp computer science bibliography, https://dblp.org}
}
@inproceedings{CamenischDL16,
  author    = {Jan Camenisch and
               Manu Drijvers and
               Anja Lehmann},
  title     = {Anonymous Attestation Using the Strong Diffie Hellman Assumption Revisited},
  booktitle = {{TRUST}},
  series    = {Lecture Notes in Computer Science},
  volume    = {9824},
  pages     = {1--20},
  publisher = {Springer},
  year      = {2016}
}
@inproceedings{CamenischKS09,
  author    = {Jan Camenisch and
               Markulf Kohlweiss and
               Claudio Soriente},
  title     = {An Accumulator Based on Bilinear Maps and Efficient Revocation for
               Anonymous Credentials},
  booktitle = {Public Key Cryptography},
  series    = {Lecture Notes in Computer Science},
  volume    = {5443},
  pages     = {481--500},
  publisher = {Springer},
  year      = {2009}
}
@inproceedings{CamenischL02,
  author    = {Jan Camenisch and
               Anna Lysyanskaya},
  title     = {A Signature Scheme with Efficient Protocols},
  booktitle = {{SCN}},
  series    = {Lecture Notes in Computer Science},
  volume    = {2576},
  pages     = {268--289},
  publisher = {Springer},
  year      = {2002}
}
@InProceedings{CamChaShe08,
  author =       "Jan Camenisch and
                  Rafik Chaabouni and
                  {abhi} {shelat}",
  title =        "Efficient Protocols for Set Membership and Range Proofs",
  pages =        "234--252",
  editor =       asiacrypt08ed,
  booktitle =    asiacrypt08name,
  volume =       asiacrypt08vol,
  address =      asiacrypt08addr,
  month =        asiacrypt08month,
  publisher =    asiacryptpub,
  series =       mylncs,
  year =         2008,
}

@InProceedings{GPS08,
  author =      {Steven D. Galbraith and Kenneth G.               Paterson and Nigel P. Smart},
  title =       {Pairings for cryptographers},
  booktitle =   {Discrete Applied Mathematics},
  volume =      {156},
  issue =       {16},
  year =        {2008},
  pages =       {3113 -- 3121},
}
